%%  ************    LibreSilicon's StdCellLibrary   *******************
%%
%%  Organisation:   Chipforge
%%                  Germany / European Union
%%
%%  Profile:        Chipforge focus on fine System-on-Chip Cores in
%%                  Verilog HDL Code which are easy understandable and
%%                  adjustable. For further information see
%%                          www.chipforge.org
%%                  there are projects from small cores up to PCBs, too.
%%
%%  File:           StdCellLib/Documents/LaTeX/reading.bib
%%
%%  Purpose:        Bibliography
%%
%%  ************    LaTeX - BibTeX      *******************************
%%
%%  ///////////////////////////////////////////////////////////////////
%%
%%  Copyright (c) 2018 by chipforge <hsank@nospam.chipforge.org>
%%  All rights reserved.
%%
%%      This Standard Cell Library is licensed under the Libre Silicon
%%      public license; you can redistribute it and/or modify it under
%%      the terms of the Libre Silicon public license as published by
%%      the Libre Silicon alliance, either version 1 of the License, or
%%      (at your option) any later version.
%%
%%      This design is distributed in the hope that it will be useful,
%%      but WITHOUT ANY WARRANTY; without even the implied warranty of
%%      MERCHANTABILITY or FITNESS FOR A PARTICULAR PURPOSE.
%%      See the Libre Silicon Public License for more details.
%%
%%  ///////////////////////////////////////////////////////////////////
@book{Kaeslin:2008,
    author  = "Hubert {Kaeslin}",
    title   = "Digital Integrated Circuit Design: From VLSI Architecture to CMOS Fabrication",
    year    = "2008",
    isbn    = "978-0-521-88267-5",
    edition = "1st",
    publisher = "Cambridge University Press",
    address = "New Your, NY, USA"
}
@book{Weste:1985,
    author  = "Neil H. E. {Weste} and Kamran {Eshraghian}",
    title   = "Principles of CMOS VLSI Design: A Systems Perspective",
    year    = "1985",
    isbn    = "0-201-08222-5",
    publisher = "Addison-Wesley Longman Publishing Co., Inc.",
    address = "Boston, MA, USA",
}
@book{Weste:2010,
    author  = "Neil H. E. {Weste} and David {Harris}",
    title   = "CMOS VLSI Design: A Circuits and Systems Perspective",
    year    =  "2010",
    isbn    = "978-0-32154774-3",
    edition = "4th",
    publisher = "Addison-Wesley Publishing Company",
    address = "USA",
} 

